<record><leader>00000cas a22000007a 4500</leader><controlfield tag="001">10679076</controlfield><controlfield tag="008">840501d18691873wvuwr ne      0    0eng d</controlfield><datafield ind1=" " ind2=" " tag="010"><subfield code="a">sn 84026800 </subfield></datafield><datafield ind1=" " ind2=" " tag="040"><subfield code="a">NPU</subfield><subfield code="b">eng</subfield><subfield code="c">NPU</subfield><subfield code="d">WVC</subfield><subfield code="d">OCL</subfield><subfield code="d">OCLCQ</subfield></datafield><datafield ind1=" " ind2=" " tag="042"><subfield code="a">msc</subfield></datafield><datafield ind1="0" ind2="4" tag="245"><subfield code="a">The West Virginia star.</subfield></datafield><datafield ind1=" " ind2=" " tag="260"><subfield code="a">Harrisville, W. Va. :</subfield><subfield code="b">Sigler &amp; McDougal</subfield></datafield><datafield ind1=" " ind2=" " tag="300"><subfield code="a">v. ;</subfield><subfield code="c">51 cm.</subfield></datafield><datafield ind1=" " ind2=" " tag="310"><subfield code="a">Weekly</subfield></datafield><datafield ind1="1" ind2=" " tag="362"><subfield code="a">Began in 1869.</subfield><subfield code="z">Cf. Rowell, 1873.</subfield></datafield><datafield ind1="1" ind2=" " tag="362"><subfield code="a">Ceased in 1873?</subfield></datafield><datafield ind1=" " ind2=" " tag="500"><subfield code="a">Publishers: J.J. Sigler, W.H. McDougal, Leo J. Theiss, T.E. Davis, Charles T. Dawson, P.W. Morris, 1869-1872; P.W. Morris, 1872; Sigler &amp; McDougal, 1873.</subfield></datafield><datafield ind1=" " ind2=" " tag="580"><subfield code="a">Preceded by: Ritchie press (non-extant).</subfield></datafield><datafield ind1=" " ind2=" " tag="588"><subfield code="a">Description based on: Vol. 5, no. 7 (Mar. 13, 1873).</subfield></datafield><datafield ind1=" " ind2=" " tag="752"><subfield code="a">United States</subfield><subfield code="b">West Virginia</subfield><subfield code="c">Ritchie</subfield><subfield code="d">Harrisville.</subfield></datafield><datafield ind1="0" ind2="0" tag="780"><subfield code="t">Ritchie press</subfield></datafield><datafield ind1="0" ind2="0" tag="785"><subfield code="t">Ritchie gazette</subfield><subfield code="w">(DLC)sn 84038343</subfield></datafield></record>